@ARTICLE{martioli2021,
       author = {{Martioli}, E. and {H{\'e}brard}, G. and {Correia}, A.~C.~M. and {Laskar}, J. and {Lecavelier des Etangs}, A.},
        title = "{New constraints on the planetary system around the young active star AU Mic. Two transiting warm Neptunes near mean-motion resonance}",
      journal = {arXiv e-prints},
     keywords = {Astrophysics - Earth and Planetary Astrophysics, Astrophysics - Solar and Stellar Astrophysics},
         year = 2020,
        month = dec,
          eid = {arXiv:2012.13238},
        pages = {arXiv:2012.13238},
archivePrefix = {arXiv},
       eprint = {2012.13238},
 primaryClass = {astro-ph.EP},
       adsurl = {https://ui.adsabs.harvard.edu/abs/2020arXiv201213238M},
      adsnote = {Provided by the SAO/NASA Astrophysics Data System}
}

@ARTICLE{mamajek2014,
       author = {{Mamajek}, Eric E. and {Bell}, Cameron P.~M.},
        title = "{On the age of the {\ensuremath{\beta}} Pictoris moving group}",
      journal = {\mnras},
     keywords = {stars: formation, stars: fundamental parameters, stars: kinematics and dynamics, open clusters and associations: individual: {\ensuremath{\beta}} Pictoris moving group, Astrophysics - Solar and Stellar Astrophysics},
         year = 2014,
        month = dec,
       volume = {445},
       number = {3},
        pages = {2169-2180},
          doi = {10.1093/mnras/stu1894},
archivePrefix = {arXiv},
       eprint = {1409.2737},
 primaryClass = {astro-ph.SR},
       adsurl = {https://ui.adsabs.harvard.edu/abs/2014MNRAS.445.2169M},
      adsnote = {Provided by the SAO/NASA Astrophysics Data System}
}

@ARTICLE{malo2014,
       author = {{Malo}, Lison and {Doyon}, Ren{\'e} and {Feiden}, Gregory A. and {Albert}, Lo{\"\i}c and {Lafreni{\`e}re}, David and {Artigau}, {\'E}tienne and {Gagn{\'e}}, Jonathan and {Riedel}, Adric},
        title = "{BANYAN. IV. Fundamental Parameters of Low-mass Star Candidates in Nearby Young Stellar Kinematic Groups{\textemdash}Isochronal Age Determination using Magnetic Evolutionary Models}",
      journal = {\apj},
     keywords = {stars: fundamental parameters, stars: low-mass, stars: magnetic field, stars: pre-main sequence, solar neighborhood, techniques: spectroscopic, Astrophysics - Solar and Stellar Astrophysics},
         year = 2014,
        month = sep,
       volume = {792},
       number = {1},
          eid = {37},
        pages = {37},
          doi = {10.1088/0004-637X/792/1/37},
archivePrefix = {arXiv},
       eprint = {1406.6750},
 primaryClass = {astro-ph.SR},
       adsurl = {https://ui.adsabs.harvard.edu/abs/2014ApJ...792...37M},
      adsnote = {Provided by the SAO/NASA Astrophysics Data System}
}



@ARTICLE{bell2015,
       author = {{Bell}, Cameron P.~M. and {Mamajek}, Eric E. and {Naylor}, Tim},
        title = "{A self-consistent, absolute isochronal age scale for young moving groups in the solar neighbourhood}",
      journal = {\mnras},
     keywords = {techniques: photometric, stars: evolution, Hertzsprung-Russell and colour-magnitude diagrams, stars: pre-main-sequence, open clusters and associations: general, solar neighbourhood, Astrophysics - Solar and Stellar Astrophysics, Astrophysics - Astrophysics of Galaxies},
         year = 2015,
        month = nov,
       volume = {454},
       number = {1},
        pages = {593-614},
          doi = {10.1093/mnras/stv1981},
archivePrefix = {arXiv},
       eprint = {1508.05955},
 primaryClass = {astro-ph.SR},
       adsurl = {https://ui.adsabs.harvard.edu/abs/2015MNRAS.454..593B},
      adsnote = {Provided by the SAO/NASA Astrophysics Data System}
}



@ARTICLE{shkolnik2017,
       author = {{Shkolnik}, Evgenya L. and {Allers}, Katelyn N. and {Kraus}, Adam L. and {Liu}, Michael C. and {Flagg}, Laura},
        title = "{All-sky Co-moving Recovery Of Nearby Young Members (ACRONYM). II. The {\ensuremath{\beta}} Pictoris Moving Group}",
      journal = {\aj},
     keywords = {binaries: spectroscopic, open clusters and associations: individual:: {\ensuremath{\beta}} Pictoris Moving Group, stars: activity, stars: kinematics and dynamics, stars: low-mass, stars: pre-main sequence, Astrophysics - Solar and Stellar Astrophysics},
         year = 2017,
        month = aug,
       volume = {154},
       number = {2},
          eid = {69},
        pages = {69},
          doi = {10.3847/1538-3881/aa77fa},
archivePrefix = {arXiv},
       eprint = {1706.04556},
 primaryClass = {astro-ph.SR},
       adsurl = {https://ui.adsabs.harvard.edu/abs/2017AJ....154...69S},
      adsnote = {Provided by the SAO/NASA Astrophysics Data System}
}



@ARTICLE{binks2016,
       author = {{Binks}, A.~S. and {Jeffries}, R.~D.},
        title = "{Spectroscopic confirmation of M-dwarf candidate members of the Beta Pictoris and AB Doradus Moving Groups}",
      journal = {\mnras},
     keywords = {stars: late-type, stars: pre-main-sequence, Astrophysics - Solar and Stellar Astrophysics},
         year = 2016,
        month = jan,
       volume = {455},
       number = {3},
        pages = {3345-3358},
          doi = {10.1093/mnras/stv2431},
archivePrefix = {arXiv},
       eprint = {1510.06987},
 primaryClass = {astro-ph.SR},
       adsurl = {https://ui.adsabs.harvard.edu/abs/2016MNRAS.455.3345B},
      adsnote = {Provided by the SAO/NASA Astrophysics Data System}
}

@ARTICLE{plavchan2009,
       author = {{Plavchan}, Peter and {Werner}, M.~W. and {Chen}, C.~H. and {Stapelfeldt}, K.~R. and {Su}, K.~Y.~L. and {Stauffer}, J.~R. and {Song}, I.},
        title = "{New Debris Disks Around Young, Low-Mass Stars Discovered with the Spitzer Space Telescope}",
      journal = {\apj},
     keywords = {circumstellar matter, planetary systems: formation, Astrophysics - Solar and Stellar Astrophysics, Astrophysics - Earth and Planetary Astrophysics},
         year = 2009,
        month = jun,
       volume = {698},
       number = {2},
        pages = {1068-1094},
          doi = {10.1088/0004-637X/698/2/1068},
archivePrefix = {arXiv},
       eprint = {0904.0819},
 primaryClass = {astro-ph.SR},
       adsurl = {https://ui.adsabs.harvard.edu/abs/2009ApJ...698.1068P},
      adsnote = {Provided by the SAO/NASA Astrophysics Data System}
}



@ARTICLE{binks2014,
       author = {{Binks}, A.~S. and {Jeffries}, R.~D.},
        title = "{A lithium depletion boundary age of 21 Myr for the Beta Pictoris moving group}",
      journal = {\mnras},
     keywords = {stars: kinematics and dynamics, stars: late-type, stars: pre-main sequence, open clusters and associations: individual: Beta Pictoris, solar neighbourhood, Astrophysics - Solar and Stellar Astrophysics},
         year = 2014,
        month = feb,
       volume = {438},
       number = {1},
        pages = {L11-L15},
          doi = {10.1093/mnrasl/slt141},
archivePrefix = {arXiv},
       eprint = {1310.2613},
 primaryClass = {astro-ph.SR},
       adsurl = {https://ui.adsabs.harvard.edu/abs/2014MNRAS.438L..11B},
      adsnote = {Provided by the SAO/NASA Astrophysics Data System}
}




@ARTICLE{miretroig2020,
       author = {{Miret-Roig}, N. and {Galli}, P.~A.~B. and {Brandner}, W. and {Bouy}, H. and {Barrado}, D. and {Olivares}, J. and {Antoja}, T. and {Romero-G{\'o}mez}, M. and {Figueras}, F. and {Lillo-Box}, J.},
        title = "{Dynamical traceback age of the {\ensuremath{\beta}} Pictoris moving group}",
      journal = {\aap},
     keywords = {Galaxy: kinematics and dynamics, solar neighborhood, stars: kinematics and dynamics, open clusters and associations: individual: {\ensuremath{\beta}} Pictoris, stars: formation, Astrophysics - Astrophysics of Galaxies, Astrophysics - Earth and Planetary Astrophysics, Astrophysics - Solar and Stellar Astrophysics},
         year = 2020,
        month = oct,
       volume = {642},
          eid = {A179},
        pages = {A179},
          doi = {10.1051/0004-6361/202038765},
archivePrefix = {arXiv},
       eprint = {2007.10997},
 primaryClass = {astro-ph.GA},
       adsurl = {https://ui.adsabs.harvard.edu/abs/2020A&A...642A.179M},
      adsnote = {Provided by the SAO/NASA Astrophysics Data System}
}



@ARTICLE{plavchan2020,
       author = {{Plavchan}, Peter and {Barclay}, Thomas and {Gagn{\'e}}, Jonathan and {Gao}, Peter and {Cale}, Bryson and {Matzko}, William and {Dragomir}, Diana and {Quinn}, Sam and {Feliz}, Dax and {Stassun}, Keivan and {Crossfield}, Ian J.~M. and {Berardo}, David A. and {Latham}, David W. and {Tieu}, Ben and {Anglada-Escud{\'e}}, Guillem and {Ricker}, George and {Vanderspek}, Roland and {Seager}, Sara and {Winn}, Joshua N. and {Jenkins}, Jon M. and {Rinehart}, Stephen and {Krishnamurthy}, Akshata and {Dynes}, Scott and {Doty}, John and {Adams}, Fred and {Afanasev}, Dennis A. and {Beichman}, Chas and {Bottom}, Mike and {Bowler}, Brendan P. and {Brinkworth}, Carolyn and {Brown}, Carolyn J. and {Cancino}, Andrew and {Ciardi}, David R. and {Clampin}, Mark and {Clark}, Jake T. and {Collins}, Karen and {Davison}, Cassy and {Foreman-Mackey}, Daniel and {Furlan}, Elise and {Gaidos}, Eric J. and {Geneser}, Claire and {Giddens}, Frank and {Gilbert}, Emily and {Hall}, Ryan and {Hellier}, Coel and {Henry}, Todd and {Horner}, Jonathan and {Howard}, Andrew W. and {Huang}, Chelsea and {Huber}, Joseph and {Kane}, Stephen R. and {Kenworthy}, Matthew and {Kielkopf}, John and {Kipping}, David and {Klenke}, Chris and {Kruse}, Ethan and {Latouf}, Natasha and {Lowrance}, Patrick and {Mennesson}, Bertrand and {Mengel}, Matthew and {Mills}, Sean M. and {Morton}, Tim and {Narita}, Norio and {Newton}, Elisabeth and {Nishimoto}, America and {Okumura}, Jack and {Palle}, Enric and {Pepper}, Joshua and {Quintana}, Elisa V. and {Roberge}, Aki and {Roccatagliata}, Veronica and {Schlieder}, Joshua E. and {Tanner}, Angelle and {Teske}, Johanna and {Tinney}, C.~G. and {Vanderburg}, Andrew and {von Braun}, Kaspar and {Walp}, Bernie and {Wang}, Jason and {Wang}, Sharon Xuesong and {Weigand}, Denise and {White}, Russel and {Wittenmyer}, Robert A. and {Wright}, Duncan J. and {Youngblood}, Allison and {Zhang}, Hui and {Zilberman}, Perri},
        title = "{A planet within the debris disk around the pre-main-sequence star AU Microscopii}",
      journal = {\nat},
     keywords = {Astrophysics - Earth and Planetary Astrophysics, Astrophysics - Solar and Stellar Astrophysics},
         year = 2020,
        month = jun,
       volume = {582},
       number = {7813},
        pages = {497-500},
          doi = {10.1038/s41586-020-2400-z},
archivePrefix = {arXiv},
       eprint = {2006.13248},
 primaryClass = {astro-ph.EP},
       adsurl = {https://ui.adsabs.harvard.edu/abs/2020Natur.582..497P},
      adsnote = {Provided by the SAO/NASA Astrophysics Data System}
}



@ARTICLE{fischer2019,
       author = {{Fischer}, Christian and {Saur}, Joachim},
        title = "{Time-variable Electromagnetic Star-Planet Interaction: The TRAPPIST-1 System as an Exemplary Case}",
      journal = {\apj},
     keywords = {planetary systems, planet─star interactions, stars: low-mass, Sun: flares, stars: individual: TRAPPIST-1, Astrophysics - Solar and Stellar Astrophysics, Astrophysics - Earth and Planetary Astrophysics},
         year = 2019,
        month = feb,
       volume = {872},
       number = {1},
          eid = {113},
        pages = {113},
          doi = {10.3847/1538-4357/aafaf2},
archivePrefix = {arXiv},
       eprint = {1901.02747},
 primaryClass = {astro-ph.SR},
       adsurl = {https://ui.adsabs.harvard.edu/abs/2019ApJ...872..113F},
      adsnote = {Provided by the SAO/NASA Astrophysics Data System}
}



@ARTICLE{kavanagh2021,
       author = {{Kavanagh}, Robert D. and {Vidotto}, Aline A. and {Klein}, Baptiste and {Jardine}, Moira M. and {Donati}, Jean-Fran{\c{c}}ois and {{\'O} Fionnag{\'a}in}, D{\'u}alta},
        title = "{Planet-induced radio emission from the coronae of M dwarfs: the case of Prox Cen and AU Mic}",
      journal = {\mnras},
     keywords = {stars: individual: Proxima Centauri, AU Microscopii, stars: magnetic field, stars: mass-loss, stars: winds, outflows, radio continuum: planetary systems, Astrophysics - Solar and Stellar Astrophysics, Astrophysics - Earth and Planetary Astrophysics},
         year = 2021,
        month = jun,
       volume = {504},
       number = {1},
        pages = {1511-1518},
          doi = {10.1093/mnras/stab929},
archivePrefix = {arXiv},
       eprint = {2103.16318},
 primaryClass = {astro-ph.SR},
       adsurl = {https://ui.adsabs.harvard.edu/abs/2021MNRAS.504.1511K},
      adsnote = {Provided by the SAO/NASA Astrophysics Data System}
}



@ARTICLE{strugarek2019,
       author = {{Strugarek}, A. and {Brun}, A.~S. and {Donati}, J. -F. and {Moutou}, C. and {R{\'e}ville}, V.},
        title = "{Chasing Star-Planet Magnetic Interactions: The Case of Kepler-78}",
      journal = {\apj},
     keywords = {magnetohydrodynamics: MHD, planet─star interactions, stars: winds, outflows, Astrophysics - Earth and Planetary Astrophysics, Astrophysics - Solar and Stellar Astrophysics},
         year = 2019,
        month = aug,
       volume = {881},
       number = {2},
          eid = {136},
        pages = {136},
          doi = {10.3847/1538-4357/ab2ed5},
archivePrefix = {arXiv},
       eprint = {1907.01020},
 primaryClass = {astro-ph.EP},
       adsurl = {https://ui.adsabs.harvard.edu/abs/2019ApJ...881..136S},
      adsnote = {Provided by the SAO/NASA Astrophysics Data System}
}


@article{ricker2014,
  title = {Transiting {{Exoplanet Survey Satellite}}},
  volume = {1},
  issn = {2329-4124},
  doi = {10.1117/1.JATIS.1.1.014003},
  language = {en},
  timestamp = {2017-05-30T08:58:32Z},
  number = {1},
  urldate = {2017-05-30},
  journal = {Journal of Astronomical Telescopes, Instruments, and Systems},
  author = {Ricker, George R. and Winn, Joshua N. and Vanderspek, Roland and Latham, David W. and Bakos, G{\'a}sp{\'a}r {\'A}. and Bean, Jacob L. and Berta-Thompson, Zachory K. and Brown, Timothy M. and Buchhave, Lars and Butler, Nathaniel R. and Butler, R. Paul and Chaplin, William J. and Charbonneau, David and Christensen-Dalsgaard, J{\o}rgen and Clampin, Mark and Deming, Drake and Doty, John and De Lee, Nathan and Dressing, Courtney and Dunham, Edward W. and Endl, Michael and Fressin, Francois and Ge, Jian and Henning, Thomas and Holman, Matthew J. and Howard, Andrew W. and Ida, Shigeru and Jenkins, Jon M. and Jernigan, Garrett and Johnson, John Asher and Kaltenegger, Lisa and Kawai, Nobuyuki and Kjeldsen, Hans and Laughlin, Gregory and Levine, Alan M. and Lin, Douglas and Lissauer, Jack J. and MacQueen, Phillip and Marcy, Geoffrey and McCullough, Peter R. and Morton, Timothy D. and Narita, Norio and Paegert, Martin and Palle, Enric and Pepe, Francesco and Pepper, Joshua and Quirrenbach, Andreas and Rinehart, Stephen A. and Sasselov, Dimitar and Sato, Bun'ei and Seager, Sara and Sozzetti, Alessandro and Stassun, Keivan G. and Sullivan, Peter and Szentgyorgyi, Andrew and Torres, Guillermo and Udry, Stephane and Villasenor, Joel},
  month = oct,
  year = {2014},
  keywords = {TESS},
  pages = {014003},
  file = {Ricker_ 2014 _Tra.pdf:/media/ekaterina/OS/Users/Katja/Documents/Astro/Literature/Cool Stars and Magnetic Activity/Ricker_ 2014 _Tra.pdf:application/pdf},
  groups = {Cool Stars and Magnetic Activity}
}



@article{koch2010,
  title = {Kepler {{Mission Design}}, {{Realized Photometric Performance}}, and {{Early Science}}},
  volume = {713},
  issn = {2041-8205, 2041-8213},
  doi = {10.1088/2041-8205/713/2/L79},
  timestamp = {2017-08-25T12:01:29Z},
  number = {2},
  urldate = {2017-08-25},
  journal = {\apj},
  author = {Koch, David G. and Borucki, William J. and Basri, Gibor and Batalha, Natalie M. and Brown, Timothy M. and Caldwell, Douglas and Christensen-Dalsgaard, J{\o}rgen and Cochran, William D. and DeVore, Edna and Dunham, Edward W. and Gautier, Thomas N. and Geary, John C. and Gilliland, Ronald L. and Gould, Alan and Jenkins, Jon and Kondo, Yoji and Latham, David W. and Lissauer, Jack J. and Marcy, Geoffrey and Monet, David and Sasselov, Dimitar and Boss, Alan and Brownlee, Donald and Caldwell, John and Dupree, Andrea K. and Howell, Steve B. and Kjeldsen, Hans and Meibom, S{\o}ren and Morrison, David and Owen, Tobias and Reitsema, Harold and Tarter, Jill and Bryson, Stephen T. and Dotson, Jessie L. and Gazis, Paul and Haas, Michael R. and Kolodziejczak, Jeffrey and Rowe, Jason F. and Van Cleve, Jeffrey E. and Allen, Christopher and Chandrasekaran, Hema and Clarke, Bruce D. and Li, Jie and Quintana, Elisa V. and Tenenbaum, Peter and Twicken, Joseph D. and Wu, Hayley},
  month = apr,
  year = {2010},
  keywords = {characterisation,instrument,Kepler},
  pages = {L79--L86},
  file = {Koch_ 2010_Kep.pdf:/media/ekaterina/OS/Users/Katja/Documents/Astro/Literature/Cool Stars and Magnetic Activity/Koch e_ 2010 _Kep.pdf:application/pdf},
  groups = {Cool Stars and Magnetic Activity}
}

@article{savitzky1964,
author = {Savitzky, Abraham. and Golay, M. J. E.},
title = {Smoothing and Differentiation of Data by Simplified Least Squares Procedures.},
journal = {Analytical Chemistry},
volume = {36},
number = {8},
pages = {1627-1639},
year = {1964},
doi = {10.1021/ac60214a047},
URL = {https://doi.org/10.1021/ac60214a047},
eprint = {https://doi.org/10.1021/ac60214a047}
}


@software{pandas2020software,
    author       = {The pandas development team},
    title        = {pandas-dev/pandas: Pandas},
    month        = feb,
    year         = 2020,
    publisher    = {Zenodo},
    version      = {latest},
    doi          = {10.5281/zenodo.3509134},
    url          = {https://doi.org/10.5281/zenodo.3509134}
}


@InProceedings{pandas2010,
  author    = { {W}es {M}c{K}inney },
  title     = { {D}ata {S}tructures for {S}tatistical {C}omputing in {P}ython },
  booktitle = { {P}roceedings of the 9th {P}ython in {S}cience {C}onference },
  pages     = { 56 - 61 },
  year      = { 2010 },
  editor    = { {S}t\'efan van der {W}alt and {J}arrod {M}illman },
  doi       = { 10.25080/Majora-92bf1922-00a }
}


@Article{         numpy2020,
 title         = {Array programming with {NumPy}},
 author        = {Charles R. Harris and K. Jarrod Millman and St{'{e}}fan J.
                 van der Walt and Ralf Gommers and Pauli Virtanen and David
                 Cournapeau and Eric Wieser and Julian Taylor and Sebastian
                 Berg and Nathaniel J. Smith and Robert Kern and Matti Picus
                 and Stephan Hoyer and Marten H. van Kerkwijk and Matthew
                 Brett and Allan Haldane and Jaime Fern{'{a}}ndez del
                 R{'{\i}}o and Mark Wiebe and Pearu Peterson and Pierre
                 G{'{e}}rard-Marchant and Kevin Sheppard and Tyler Reddy and
                 Warren Weckesser and Hameer Abbasi and Christoph Gohlke and
                 Travis E. Oliphant},
 year          = {2020},
 month         = sep,
 journal       = {Nature},
 volume        = {585},
 number        = {7825},
 pages         = {357--362},
 doi           = {10.1038/s41586-020-2649-2},
 publisher     = {Springer Science and Business Media {LLC}},
 url           = {https://doi.org/10.1038/s41586-020-2649-2}
}

@ARTICLE{scipy2020,
       author = {{Virtanen}, Pauli and {Gommers}, Ralf and {Oliphant},
         Travis E. and {Haberland}, Matt and {Reddy}, Tyler and
         {Cournapeau}, David and {Burovski}, Evgeni and {Peterson}, Pearu
         and {Weckesser}, Warren and {Bright}, Jonathan and {van der Walt},
         St{\'e}fan J.  and {Brett}, Matthew and {Wilson}, Joshua and
         {Jarrod Millman}, K.  and {Mayorov}, Nikolay and {Nelson}, Andrew
         R.~J. and {Jones}, Eric and {Kern}, Robert and {Larson}, Eric and
         {Carey}, CJ and {Polat}, {\.I}lhan and {Feng}, Yu and {Moore},
         Eric W. and {Vand erPlas}, Jake and {Laxalde}, Denis and
         {Perktold}, Josef and {Cimrman}, Robert and {Henriksen}, Ian and
         {Quintero}, E.~A. and {Harris}, Charles R and {Archibald}, Anne M.
         and {Ribeiro}, Ant{\^o}nio H. and {Pedregosa}, Fabian and
         {van Mulbregt}, Paul and {Contributors}, SciPy 1. 0},
        title = "{SciPy 1.0: Fundamental Algorithms for Scientific
                  Computing in Python}",
      journal = {Nature Methods},
      year = "2020",
      volume={17},
      pages={261--272},
      adsurl = {https://rdcu.be/b08Wh},
      doi = {https://doi.org/10.1038/s41592-019-0686-2},
}

%Flare temperatures on M dwarfs can reach 4+/-1*10^4 K
% #flares #M dwarfs #FUV
@ARTICLE{froning_40000_2019,
       author = {{Froning}, Cynthia S. and {Kowalski}, Adam and {France}, Kevin and
         {Loyd}, R.~O. Parke and {Schneider}, P. Christian and
         {Youngblood}, Allison and {Wilson}, David and {Brown}, Alexander and
         {Berta-Thompson}, Zachory and {Pineda}, J. Sebastian and
         {Linsky}, Jeffrey and {Rugheimer}, Sarah and {Miguel}, Yamila},
        title = "{A Hot Ultraviolet Flare on the M Dwarf Star GJ 674}",
      journal = {\apj},
     keywords = {planets and satellites: atmospheres, stars: activity, stars: chromospheres, stars: flare, stars: individual: GJ 674, stars: low-mass},
         year = "2019",
        month = "Feb",
       volume = {871},
          eid = {L26},
        pages = {L26},
          doi = {10.3847/2041-8213/aaffcd},
       adsurl = {https://ui.adsabs.harvard.edu/\#abs/2019ApJ...871L..26F},
      adsnote = {Provided by the SAO/NASA Astrophysics Data System}
}


@ARTICLE{wenger2000,
       author = {{Wenger}, M. and {Ochsenbein}, F. and {Egret}, D. and {Dubois}, P. and {Bonnarel}, F. and {Borde}, S. and {Genova}, F. and {Jasniewicz}, G. and {Lalo{\"e}}, S. and {Lesteven}, S. and {Monier}, R.},
        title = "{The SIMBAD astronomical database. The CDS reference database for astronomical objects}",
      journal = {\aaps},
     keywords = {ASTRONOMICAL DATA BASES: MISCELLANEOUS, CATALOGS, Astrophysics},
         year = 2000,
        month = apr,
       volume = {143},
        pages = {9-22},
          doi = {10.1051/aas:2000332},
archivePrefix = {arXiv},
       eprint = {astro-ph/0002110},
 primaryClass = {astro-ph},
       adsurl = {https://ui.adsabs.harvard.edu/abs/2000A&AS..143....9W},
      adsnote = {Provided by the SAO/NASA Astrophysics Data System}
}


@article{davenport2016,
  title = {The {{Kepler Catalog}} of {{Stellar Flares}}},
  volume = {829},
  issn = {1538-4357},
  doi = {10.3847/0004-637X/829/1/23},
  timestamp = {2017-04-06T11:24:11Z},
  number = {1},
  urldate = {2017-04-06},
  journal = {The Astrophysical Journal},
  author = {Davenport, James R. A.},
  month = sep,
  year = {2016},
  keywords = {Appaloosa,automated detection,flare,flare amplitude,flare duration,flare frequency distribution,flare stars,GJ 1243,Kepler energy conversion,KIC 11551430,read},
  pages = {23},
  file = {Davenp_ 2016 _The.pdf:/media/ekaterina/OS/Users/Katja/Documents/Astro/Literature/Cool Stars and Magnetic Activity/Davenp_ 2016 _The.pdf:application/pdf},
  groups = {Cool Stars and Magnetic Activity}
}

@ARTICLE{guerrero2021arxiv,
       author = {{Guerrero}, Natalia M. and {Seager}, S. and {Huang}, Chelsea X. and {Vanderburg}, Andrew and {Garcia Soto}, Aylin and {Mireles}, Ismael and {Hesse}, Katharine and {Fong}, William and {Glidden}, Ana and {Shporer}, Avi and {Latham}, David W. and {Collins}, Karen A. and {Quinn}, Samuel N. and {Burt}, Jennifer and {Dragomir}, Diana and {Crossfield}, Ian and {Vanderspek}, Roland and {Fausnaugh}, Michael and {Burke}, Christopher J. and {Ricker}, George and {Daylan}, Tansu and {Essack}, Zahra and {G{\"u}nther}, Maximilian N. and {Osborn}, Hugh P. and {Pepper}, Joshua and {Rowden}, Pamela and {Sha}, Lizhou and {Villanueva}, Steven, Jr. and {Yahalomi}, Daniel A. and {Yu}, Liang and {Ballard}, Sarah and {Batalha}, Natalie M. and {Berardo}, David and {Chontos}, Ashley and {Dittmann}, Jason A. and {Esquerdo}, Gilbert A. and {Mikal-Evans}, Thomas and {Jayaraman}, Rahul and {Krishnamurthy}, Akshata and {Louie}, Dana R. and {Mehrle}, Nicholas and {Niraula}, Prajwal and {Rackham}, Benjamin V. and {Rodriguez}, Joseph E. and {Rowden}, Stephen J.~L. and {Sousa-Silva}, Clara and {Watanabe}, David and {Wong}, Ian and {Zhan}, Zhuchang and {Zivanovic}, Goran and {Christiansen}, Jessie L. and {Ciardi}, David R. and {Swain}, Melanie A. and {Lund}, Michael B. and {Mullally}, Susan E. and {Fleming}, Scott W. and {Rodriguez}, David R. and {Boyd}, Patricia T. and {Quintana}, Elisa V. and {Barclay}, Thomas and {Col{\'o}n}, Knicole D. and {Rinehart}, S.~A. and {Schlieder}, Joshua E. and {Clampin}, Mark and {Jenkins}, Jon M. and {Twicken}, Joseph D. and {Caldwell}, Douglas A. and {Coughlin}, Jeffrey L. and {Henze}, Chris and {Lissauer}, Jack J. and {Morris}, Robert L. and {Rose}, Mark E. and {Smith}, Jeffrey C. and {Tenenbaum}, Peter and {Ting}, Eric B. and {Wohler}, Bill and {Bakos}, G. {\'A}. and {Bean}, Jacob L. and {Berta-Thompson}, Zachory K. and {Bieryla}, Allyson and {Bouma}, Luke G. and {Buchhave}, Lars A. and {Butler}, Nathaniel and {Charbonneau}, David and {Doty}, John P. and {Ge}, Jian and {Holman}, Matthew J. and {Howard}, Andrew W. and {Kaltenegger}, Lisa and {Kjeldsen}, Hans and {Kreidberg}, Laura and {Lin}, Douglas N.~C. and {Minsky}, Charlotte and {Narita}, Norio and {Paegert}, Martin and {P{\'a}l}, Andr{\'a}s and {Palle}, Enric and {Sasselov}, Dimitar D. and {Spencer}, Alton and {Sozzetti}, Alessandro and {Stassun}, Keivan G. and {Torres}, Guillermo and {Udry}, Stephane and {Winn}, Joshua N.},
        title = "{The TESS Objects of Interest Catalog from the TESS Prime Mission}",
      journal = {arXiv e-prints},
     keywords = {Astrophysics - Earth and Planetary Astrophysics, Astrophysics - Solar and Stellar Astrophysics},
         year = 2021,
        month = mar,
          eid = {arXiv:2103.12538},
        pages = {arXiv:2103.12538},
archivePrefix = {arXiv},
       eprint = {2103.12538},
 primaryClass = {astro-ph.EP},
       adsurl = {https://ui.adsabs.harvard.edu/abs/2021arXiv210312538G},
      adsnote = {Provided by the SAO/NASA Astrophysics Data System}
}



